[gd_scene load_steps=9 format=2]

[ext_resource path="res://src/enemy/Enemy.gd" type="Script" id=1]
[ext_resource path="res://src/enemy/frames/frame0000.png" type="Texture" id=2]

[sub_resource type="CubeMesh" id=1]

[sub_resource type="BoxShape" id=2]
margin = 0.1

[sub_resource type="SphereShape" id=4]
margin = 0.1
radius = 12.0

[sub_resource type="SphereShape" id=3]
margin = 0.1
radius = 2.0

[sub_resource type="SpatialMaterial" id=6]
flags_transparent = true
params_billboard_mode = 1
albedo_texture = ExtResource( 2 )

[sub_resource type="QuadMesh" id=5]
material = SubResource( 6 )
size = Vector2( 2, 2 )

[node name="Enemy" type="KinematicBody" groups=["enemy", "target"]]
collision_layer = 5
axis_lock_motion_y = true
move_lock_y = true
collision/safe_margin = 0.1
script = ExtResource( 1 )

[node name="MeshInstance" type="MeshInstance" parent="."]
transform = Transform( 1, 0, 0, 0, 1, 0, 0, 0, 1, 0, 1, 0 )
visible = false
mesh = SubResource( 1 )

[node name="CollisionShape" type="CollisionShape" parent="."]
transform = Transform( 1, 0, 0, 0, 1, 0, 0, 0, 1, 0, 1, 0 )
shape = SubResource( 2 )

[node name="NavigationAgent" type="NavigationAgent" parent="."]

[node name="TargetArea" type="Area" parent="." groups=["enemy"]]
collision_layer = 65
collision_mask = 48

[node name="CollisionShape" type="CollisionShape" parent="TargetArea"]
transform = Transform( 1, 0, 0, 0, 1, 0, 0, 0, 1, 0, 1, 0 )
shape = SubResource( 4 )

[node name="AttackArea" type="Area" parent="."]
collision_mask = 48

[node name="CollisionShape" type="CollisionShape" parent="AttackArea"]
transform = Transform( 1, 0, 0, 0, 1, 0, 0, 0, 1, 0, 1, 0 )
shape = SubResource( 3 )

[node name="MeshInstance2" type="MeshInstance" parent="."]
transform = Transform( 1, 0, 0, 0, 1, 0, 0, 0, 1, 0, 1, 0 )
mesh = SubResource( 5 )

[connection signal="body_entered" from="TargetArea" to="." method="_on_TargetArea_body_entered"]
[connection signal="body_exited" from="TargetArea" to="." method="_on_TargetArea_body_exited"]
[connection signal="body_entered" from="AttackArea" to="." method="_on_AttackArea_body_entered"]
[connection signal="body_exited" from="AttackArea" to="." method="_on_AttackArea_body_exited"]
